<record><leader>00000cas a22000007a 4500</leader><controlfield tag="001">9926257</controlfield><controlfield tag="008">830920d18711913nyuwr ne      0    0eng d</controlfield><controlfield tag="009">3781</controlfield><datafield ind1=" " ind2=" " tag="010"><subfield code="a">sn 83031610 </subfield></datafield><datafield ind1=" " ind2=" " tag="040"><subfield code="a">NPU</subfield><subfield code="b">eng</subfield><subfield code="c">NPU</subfield><subfield code="d">NPX</subfield><subfield code="d">NYG</subfield><subfield code="d">NYS</subfield></datafield><datafield ind1="1" ind2=" " tag="029"><subfield code="a">AU@</subfield><subfield code="b">000020385328</subfield></datafield><datafield ind1=" " ind2=" " tag="042"><subfield code="a">msc</subfield></datafield><datafield ind1="0" ind2=" " tag="130"><subfield code="a">Lisle gleaner (Lisle, N.Y. : 1871)</subfield></datafield><datafield ind1="0" ind2="4" tag="245"><subfield code="a">The Lisle gleaner.</subfield></datafield><datafield ind1=" " ind2=" " tag="260"><subfield code="a">Lisle, N.Y. :</subfield><subfield code="b">Eugene Davis,</subfield></datafield><datafield ind1=" " ind2=" " tag="300"><subfield code="a">v. ;</subfield><subfield code="c">56 cm.</subfield></datafield><datafield ind1=" " ind2=" " tag="310"><subfield code="a">Weekly</subfield></datafield><datafield ind1="0" ind2=" " tag="362"><subfield code="a">Vol. 1, no. 1 (May 27, 1871)-v. 41, no. 51 (May 15, 1913).</subfield></datafield><datafield ind1=" " ind2="4" tag="651"><subfield code="a">Lisle (N.Y.)</subfield><subfield code="v">Newspapers.</subfield></datafield><datafield ind1=" " ind2=" " tag="752"><subfield code="a">United States</subfield><subfield code="b">New York</subfield><subfield code="c">Broome</subfield><subfield code="d">Lisle.</subfield></datafield><datafield ind1="0" ind2="0" tag="785"><subfield code="t">New era (Lisle, N.Y.)</subfield><subfield code="w">(DLC)sn 91066351</subfield><subfield code="w">(OCoLC)24101342</subfield></datafield></record>